%YAML 1.1
%TAG !u! tag:unity3d.com,2011:
--- !u!1 &1797517466599667234
GameObject:
  m_ObjectHideFlags: 0
  m_CorrespondingSourceObject: {fileID: 0}
  m_PrefabInstance: {fileID: 0}
  m_PrefabAsset: {fileID: 0}
  serializedVersion: 6
  m_Component:
  - component: {fileID: 8529333988015447953}
  m_Layer: 16
  m_Name: BallVolley
  m_TagString: Untagged
  m_Icon: {fileID: 0}
  m_NavMeshLayer: 0
  m_StaticEditorFlags: 0
  m_IsActive: 1
--- !u!4 &8529333988015447953
Transform:
  m_ObjectHideFlags: 0
  m_CorrespondingSourceObject: {fileID: 0}
  m_PrefabInstance: {fileID: 0}
  m_PrefabAsset: {fileID: 0}
  m_GameObject: {fileID: 1797517466599667234}
  m_LocalRotation: {x: 0, y: 0, z: 0, w: 1}
  m_LocalPosition: {x: 0, y: 0, z: 0}
  m_LocalScale: {x: 1, y: 1, z: 1}
  m_Children:
  - {fileID: 8548322252855033725}
  m_Father: {fileID: 0}
  m_RootOrder: 0
  m_LocalEulerAnglesHint: {x: 0, y: 0, z: 0}
--- !u!1 &7913856133422057526
GameObject:
  m_ObjectHideFlags: 0
  m_CorrespondingSourceObject: {fileID: 0}
  m_PrefabInstance: {fileID: 0}
  m_PrefabAsset: {fileID: 0}
  serializedVersion: 6
  m_Component:
  - component: {fileID: 8548322252855033725}
  - component: {fileID: 4219686456629236646}
  - component: {fileID: 5958599822712871227}
  m_Layer: 16
  m_Name: Volley
  m_TagString: Untagged
  m_Icon: {fileID: 0}
  m_NavMeshLayer: 0
  m_StaticEditorFlags: 0
  m_IsActive: 1
--- !u!4 &8548322252855033725
Transform:
  m_ObjectHideFlags: 0
  m_CorrespondingSourceObject: {fileID: 0}
  m_PrefabInstance: {fileID: 0}
  m_PrefabAsset: {fileID: 0}
  m_GameObject: {fileID: 7913856133422057526}
  m_LocalRotation: {x: 0, y: 0, z: 0, w: 1}
  m_LocalPosition: {x: 0, y: 0, z: 0}
  m_LocalScale: {x: 1, y: 1, z: 1}
  m_Children:
  - {fileID: 3062711987227996678}
  - {fileID: 3066641592236863832}
  - {fileID: 3507401739346256083}
  - {fileID: 7072657274136828083}
  - {fileID: 1456414089576218183}
  m_Father: {fileID: 8529333988015447953}
  m_RootOrder: 0
  m_LocalEulerAnglesHint: {x: 0, y: 0, z: 0}
--- !u!114 &4219686456629236646
MonoBehaviour:
  m_ObjectHideFlags: 0
  m_CorrespondingSourceObject: {fileID: 0}
  m_PrefabInstance: {fileID: 0}
  m_PrefabAsset: {fileID: 0}
  m_GameObject: {fileID: 7913856133422057526}
  m_Enabled: 1
  m_EditorHideFlags: 0
  m_Script: {fileID: 11500000, guid: 13a843a625f269c4c89bf10d5c0f254d, type: 3}
  m_Name: 
  m_EditorClassIdentifier: 
  UseExplosionForce: 0
  ExplosionRadius: 0
--- !u!114 &5958599822712871227
MonoBehaviour:
  m_ObjectHideFlags: 0
  m_CorrespondingSourceObject: {fileID: 0}
  m_PrefabInstance: {fileID: 0}
  m_PrefabAsset: {fileID: 0}
  m_GameObject: {fileID: 7913856133422057526}
  m_Enabled: 1
  m_EditorHideFlags: 0
  m_Script: {fileID: 11500000, guid: 2a550e62a23bff841b61949a33bc351f, type: 3}
  m_Name: 
  m_EditorClassIdentifier: 
  _lifeTime: 2
  _balls:
  - {fileID: 5610666456594014203}
  - {fileID: 5607827605924682917}
  - {fileID: 6336895034866027822}
  - {fileID: 394847167936755022}
  - {fileID: 8316987276569744314}
--- !u!1001 &1772458752533977369
PrefabInstance:
  m_ObjectHideFlags: 0
  serializedVersion: 2
  m_Modification:
    m_TransformParent: {fileID: 8548322252855033725}
    m_Modifications:
    - target: {fileID: 2153792304045993047, guid: be5f6fde5364b0c459f2885759ddd34c,
        type: 3}
      propertyPath: m_Name
      value: Ball (3)
      objectReference: {fileID: 0}
    - target: {fileID: 2153792304045993047, guid: be5f6fde5364b0c459f2885759ddd34c,
        type: 3}
      propertyPath: m_IsActive
      value: 0
      objectReference: {fileID: 0}
    - target: {fileID: 2153792304045993047, guid: be5f6fde5364b0c459f2885759ddd34c,
        type: 3}
      propertyPath: m_Layer
      value: 16
      objectReference: {fileID: 0}
    - target: {fileID: 4813805032674809341, guid: be5f6fde5364b0c459f2885759ddd34c,
        type: 3}
      propertyPath: _speed
      value: 10
      objectReference: {fileID: 0}
    - target: {fileID: 8844552387811328426, guid: be5f6fde5364b0c459f2885759ddd34c,
        type: 3}
      propertyPath: m_LocalPosition.x
      value: 0
      objectReference: {fileID: 0}
    - target: {fileID: 8844552387811328426, guid: be5f6fde5364b0c459f2885759ddd34c,
        type: 3}
      propertyPath: m_LocalPosition.y
      value: 0
      objectReference: {fileID: 0}
    - target: {fileID: 8844552387811328426, guid: be5f6fde5364b0c459f2885759ddd34c,
        type: 3}
      propertyPath: m_LocalPosition.z
      value: 0
      objectReference: {fileID: 0}
    - target: {fileID: 8844552387811328426, guid: be5f6fde5364b0c459f2885759ddd34c,
        type: 3}
      propertyPath: m_LocalRotation.x
      value: 0
      objectReference: {fileID: 0}
    - target: {fileID: 8844552387811328426, guid: be5f6fde5364b0c459f2885759ddd34c,
        type: 3}
      propertyPath: m_LocalRotation.y
      value: 0
      objectReference: {fileID: 0}
    - target: {fileID: 8844552387811328426, guid: be5f6fde5364b0c459f2885759ddd34c,
        type: 3}
      propertyPath: m_LocalRotation.z
      value: 0
      objectReference: {fileID: 0}
    - target: {fileID: 8844552387811328426, guid: be5f6fde5364b0c459f2885759ddd34c,
        type: 3}
      propertyPath: m_LocalRotation.w
      value: 1
      objectReference: {fileID: 0}
    - target: {fileID: 8844552387811328426, guid: be5f6fde5364b0c459f2885759ddd34c,
        type: 3}
      propertyPath: m_RootOrder
      value: 3
      objectReference: {fileID: 0}
    - target: {fileID: 8844552387811328426, guid: be5f6fde5364b0c459f2885759ddd34c,
        type: 3}
      propertyPath: m_LocalEulerAnglesHint.x
      value: 0
      objectReference: {fileID: 0}
    - target: {fileID: 8844552387811328426, guid: be5f6fde5364b0c459f2885759ddd34c,
        type: 3}
      propertyPath: m_LocalEulerAnglesHint.y
      value: 0
      objectReference: {fileID: 0}
    - target: {fileID: 8844552387811328426, guid: be5f6fde5364b0c459f2885759ddd34c,
        type: 3}
      propertyPath: m_LocalEulerAnglesHint.z
      value: 0
      objectReference: {fileID: 0}
    m_RemovedComponents: []
  m_SourcePrefab: {fileID: 100100000, guid: be5f6fde5364b0c459f2885759ddd34c, type: 3}
--- !u!1 &394847167936755022 stripped
GameObject:
  m_CorrespondingSourceObject: {fileID: 2153792304045993047, guid: be5f6fde5364b0c459f2885759ddd34c,
    type: 3}
  m_PrefabInstance: {fileID: 1772458752533977369}
  m_PrefabAsset: {fileID: 0}
--- !u!4 &7072657274136828083 stripped
Transform:
  m_CorrespondingSourceObject: {fileID: 8844552387811328426, guid: be5f6fde5364b0c459f2885759ddd34c,
    type: 3}
  m_PrefabInstance: {fileID: 1772458752533977369}
  m_PrefabAsset: {fileID: 0}
--- !u!1001 &5337577847588512121
PrefabInstance:
  m_ObjectHideFlags: 0
  serializedVersion: 2
  m_Modification:
    m_TransformParent: {fileID: 8548322252855033725}
    m_Modifications:
    - target: {fileID: 2153792304045993047, guid: be5f6fde5364b0c459f2885759ddd34c,
        type: 3}
      propertyPath: m_Name
      value: Ball (2)
      objectReference: {fileID: 0}
    - target: {fileID: 2153792304045993047, guid: be5f6fde5364b0c459f2885759ddd34c,
        type: 3}
      propertyPath: m_IsActive
      value: 0
      objectReference: {fileID: 0}
    - target: {fileID: 2153792304045993047, guid: be5f6fde5364b0c459f2885759ddd34c,
        type: 3}
      propertyPath: m_Layer
      value: 16
      objectReference: {fileID: 0}
    - target: {fileID: 4813805032674809341, guid: be5f6fde5364b0c459f2885759ddd34c,
        type: 3}
      propertyPath: _speed
      value: 10
      objectReference: {fileID: 0}
    - target: {fileID: 8844552387811328426, guid: be5f6fde5364b0c459f2885759ddd34c,
        type: 3}
      propertyPath: m_LocalPosition.x
      value: 0
      objectReference: {fileID: 0}
    - target: {fileID: 8844552387811328426, guid: be5f6fde5364b0c459f2885759ddd34c,
        type: 3}
      propertyPath: m_LocalPosition.y
      value: 0
      objectReference: {fileID: 0}
    - target: {fileID: 8844552387811328426, guid: be5f6fde5364b0c459f2885759ddd34c,
        type: 3}
      propertyPath: m_LocalPosition.z
      value: 0
      objectReference: {fileID: 0}
    - target: {fileID: 8844552387811328426, guid: be5f6fde5364b0c459f2885759ddd34c,
        type: 3}
      propertyPath: m_LocalRotation.x
      value: 0
      objectReference: {fileID: 0}
    - target: {fileID: 8844552387811328426, guid: be5f6fde5364b0c459f2885759ddd34c,
        type: 3}
      propertyPath: m_LocalRotation.y
      value: 0
      objectReference: {fileID: 0}
    - target: {fileID: 8844552387811328426, guid: be5f6fde5364b0c459f2885759ddd34c,
        type: 3}
      propertyPath: m_LocalRotation.z
      value: 0
      objectReference: {fileID: 0}
    - target: {fileID: 8844552387811328426, guid: be5f6fde5364b0c459f2885759ddd34c,
        type: 3}
      propertyPath: m_LocalRotation.w
      value: 1
      objectReference: {fileID: 0}
    - target: {fileID: 8844552387811328426, guid: be5f6fde5364b0c459f2885759ddd34c,
        type: 3}
      propertyPath: m_RootOrder
      value: 2
      objectReference: {fileID: 0}
    - target: {fileID: 8844552387811328426, guid: be5f6fde5364b0c459f2885759ddd34c,
        type: 3}
      propertyPath: m_LocalEulerAnglesHint.x
      value: 0
      objectReference: {fileID: 0}
    - target: {fileID: 8844552387811328426, guid: be5f6fde5364b0c459f2885759ddd34c,
        type: 3}
      propertyPath: m_LocalEulerAnglesHint.y
      value: 0
      objectReference: {fileID: 0}
    - target: {fileID: 8844552387811328426, guid: be5f6fde5364b0c459f2885759ddd34c,
        type: 3}
      propertyPath: m_LocalEulerAnglesHint.z
      value: 0
      objectReference: {fileID: 0}
    m_RemovedComponents: []
  m_SourcePrefab: {fileID: 100100000, guid: be5f6fde5364b0c459f2885759ddd34c, type: 3}
--- !u!1 &6336895034866027822 stripped
GameObject:
  m_CorrespondingSourceObject: {fileID: 2153792304045993047, guid: be5f6fde5364b0c459f2885759ddd34c,
    type: 3}
  m_PrefabInstance: {fileID: 5337577847588512121}
  m_PrefabAsset: {fileID: 0}
--- !u!4 &3507401739346256083 stripped
Transform:
  m_CorrespondingSourceObject: {fileID: 8844552387811328426, guid: be5f6fde5364b0c459f2885759ddd34c,
    type: 3}
  m_PrefabInstance: {fileID: 5337577847588512121}
  m_PrefabAsset: {fileID: 0}
--- !u!1001 &5778346807975522546
PrefabInstance:
  m_ObjectHideFlags: 0
  serializedVersion: 2
  m_Modification:
    m_TransformParent: {fileID: 8548322252855033725}
    m_Modifications:
    - target: {fileID: 2153792304045993047, guid: be5f6fde5364b0c459f2885759ddd34c,
        type: 3}
      propertyPath: m_Name
      value: Ball (1)
      objectReference: {fileID: 0}
    - target: {fileID: 2153792304045993047, guid: be5f6fde5364b0c459f2885759ddd34c,
        type: 3}
      propertyPath: m_IsActive
      value: 0
      objectReference: {fileID: 0}
    - target: {fileID: 2153792304045993047, guid: be5f6fde5364b0c459f2885759ddd34c,
        type: 3}
      propertyPath: m_Layer
      value: 16
      objectReference: {fileID: 0}
    - target: {fileID: 4813805032674809341, guid: be5f6fde5364b0c459f2885759ddd34c,
        type: 3}
      propertyPath: _speed
      value: 10
      objectReference: {fileID: 0}
    - target: {fileID: 8844552387811328426, guid: be5f6fde5364b0c459f2885759ddd34c,
        type: 3}
      propertyPath: m_LocalPosition.x
      value: 0
      objectReference: {fileID: 0}
    - target: {fileID: 8844552387811328426, guid: be5f6fde5364b0c459f2885759ddd34c,
        type: 3}
      propertyPath: m_LocalPosition.y
      value: 0
      objectReference: {fileID: 0}
    - target: {fileID: 8844552387811328426, guid: be5f6fde5364b0c459f2885759ddd34c,
        type: 3}
      propertyPath: m_LocalPosition.z
      value: 0
      objectReference: {fileID: 0}
    - target: {fileID: 8844552387811328426, guid: be5f6fde5364b0c459f2885759ddd34c,
        type: 3}
      propertyPath: m_LocalRotation.x
      value: 0
      objectReference: {fileID: 0}
    - target: {fileID: 8844552387811328426, guid: be5f6fde5364b0c459f2885759ddd34c,
        type: 3}
      propertyPath: m_LocalRotation.y
      value: 0
      objectReference: {fileID: 0}
    - target: {fileID: 8844552387811328426, guid: be5f6fde5364b0c459f2885759ddd34c,
        type: 3}
      propertyPath: m_LocalRotation.z
      value: 0
      objectReference: {fileID: 0}
    - target: {fileID: 8844552387811328426, guid: be5f6fde5364b0c459f2885759ddd34c,
        type: 3}
      propertyPath: m_LocalRotation.w
      value: 1
      objectReference: {fileID: 0}
    - target: {fileID: 8844552387811328426, guid: be5f6fde5364b0c459f2885759ddd34c,
        type: 3}
      propertyPath: m_RootOrder
      value: 1
      objectReference: {fileID: 0}
    - target: {fileID: 8844552387811328426, guid: be5f6fde5364b0c459f2885759ddd34c,
        type: 3}
      propertyPath: m_LocalEulerAnglesHint.x
      value: 0
      objectReference: {fileID: 0}
    - target: {fileID: 8844552387811328426, guid: be5f6fde5364b0c459f2885759ddd34c,
        type: 3}
      propertyPath: m_LocalEulerAnglesHint.y
      value: 0
      objectReference: {fileID: 0}
    - target: {fileID: 8844552387811328426, guid: be5f6fde5364b0c459f2885759ddd34c,
        type: 3}
      propertyPath: m_LocalEulerAnglesHint.z
      value: 0
      objectReference: {fileID: 0}
    m_RemovedComponents: []
  m_SourcePrefab: {fileID: 100100000, guid: be5f6fde5364b0c459f2885759ddd34c, type: 3}
--- !u!1 &5607827605924682917 stripped
GameObject:
  m_CorrespondingSourceObject: {fileID: 2153792304045993047, guid: be5f6fde5364b0c459f2885759ddd34c,
    type: 3}
  m_PrefabInstance: {fileID: 5778346807975522546}
  m_PrefabAsset: {fileID: 0}
--- !u!4 &3066641592236863832 stripped
Transform:
  m_CorrespondingSourceObject: {fileID: 8844552387811328426, guid: be5f6fde5364b0c459f2885759ddd34c,
    type: 3}
  m_PrefabInstance: {fileID: 5778346807975522546}
  m_PrefabAsset: {fileID: 0}
--- !u!1001 &5782298502333592492
PrefabInstance:
  m_ObjectHideFlags: 0
  serializedVersion: 2
  m_Modification:
    m_TransformParent: {fileID: 8548322252855033725}
    m_Modifications:
    - target: {fileID: 2153792304045993047, guid: be5f6fde5364b0c459f2885759ddd34c,
        type: 3}
      propertyPath: m_Name
      value: Ball
      objectReference: {fileID: 0}
    - target: {fileID: 2153792304045993047, guid: be5f6fde5364b0c459f2885759ddd34c,
        type: 3}
      propertyPath: m_IsActive
      value: 0
      objectReference: {fileID: 0}
    - target: {fileID: 2153792304045993047, guid: be5f6fde5364b0c459f2885759ddd34c,
        type: 3}
      propertyPath: m_Layer
      value: 16
      objectReference: {fileID: 0}
    - target: {fileID: 4813805032674809341, guid: be5f6fde5364b0c459f2885759ddd34c,
        type: 3}
      propertyPath: _speed
      value: 10
      objectReference: {fileID: 0}
    - target: {fileID: 8844552387811328426, guid: be5f6fde5364b0c459f2885759ddd34c,
        type: 3}
      propertyPath: m_LocalPosition.x
      value: 0
      objectReference: {fileID: 0}
    - target: {fileID: 8844552387811328426, guid: be5f6fde5364b0c459f2885759ddd34c,
        type: 3}
      propertyPath: m_LocalPosition.y
      value: 0
      objectReference: {fileID: 0}
    - target: {fileID: 8844552387811328426, guid: be5f6fde5364b0c459f2885759ddd34c,
        type: 3}
      propertyPath: m_LocalPosition.z
      value: 0
      objectReference: {fileID: 0}
    - target: {fileID: 8844552387811328426, guid: be5f6fde5364b0c459f2885759ddd34c,
        type: 3}
      propertyPath: m_LocalRotation.x
      value: 0
      objectReference: {fileID: 0}
    - target: {fileID: 8844552387811328426, guid: be5f6fde5364b0c459f2885759ddd34c,
        type: 3}
      propertyPath: m_LocalRotation.y
      value: 0
      objectReference: {fileID: 0}
    - target: {fileID: 8844552387811328426, guid: be5f6fde5364b0c459f2885759ddd34c,
        type: 3}
      propertyPath: m_LocalRotation.z
      value: 0
      objectReference: {fileID: 0}
    - target: {fileID: 8844552387811328426, guid: be5f6fde5364b0c459f2885759ddd34c,
        type: 3}
      propertyPath: m_LocalRotation.w
      value: 1
      objectReference: {fileID: 0}
    - target: {fileID: 8844552387811328426, guid: be5f6fde5364b0c459f2885759ddd34c,
        type: 3}
      propertyPath: m_RootOrder
      value: 0
      objectReference: {fileID: 0}
    - target: {fileID: 8844552387811328426, guid: be5f6fde5364b0c459f2885759ddd34c,
        type: 3}
      propertyPath: m_LocalEulerAnglesHint.x
      value: 0
      objectReference: {fileID: 0}
    - target: {fileID: 8844552387811328426, guid: be5f6fde5364b0c459f2885759ddd34c,
        type: 3}
      propertyPath: m_LocalEulerAnglesHint.y
      value: 0
      objectReference: {fileID: 0}
    - target: {fileID: 8844552387811328426, guid: be5f6fde5364b0c459f2885759ddd34c,
        type: 3}
      propertyPath: m_LocalEulerAnglesHint.z
      value: 0
      objectReference: {fileID: 0}
    m_RemovedComponents: []
  m_SourcePrefab: {fileID: 100100000, guid: be5f6fde5364b0c459f2885759ddd34c, type: 3}
--- !u!1 &5610666456594014203 stripped
GameObject:
  m_CorrespondingSourceObject: {fileID: 2153792304045993047, guid: be5f6fde5364b0c459f2885759ddd34c,
    type: 3}
  m_PrefabInstance: {fileID: 5782298502333592492}
  m_PrefabAsset: {fileID: 0}
--- !u!4 &3062711987227996678 stripped
Transform:
  m_CorrespondingSourceObject: {fileID: 8844552387811328426, guid: be5f6fde5364b0c459f2885759ddd34c,
    type: 3}
  m_PrefabInstance: {fileID: 5782298502333592492}
  m_PrefabAsset: {fileID: 0}
--- !u!1001 &7964635099507703789
PrefabInstance:
  m_ObjectHideFlags: 0
  serializedVersion: 2
  m_Modification:
    m_TransformParent: {fileID: 8548322252855033725}
    m_Modifications:
    - target: {fileID: 2153792304045993047, guid: be5f6fde5364b0c459f2885759ddd34c,
        type: 3}
      propertyPath: m_Name
      value: Ball (4)
      objectReference: {fileID: 0}
    - target: {fileID: 2153792304045993047, guid: be5f6fde5364b0c459f2885759ddd34c,
        type: 3}
      propertyPath: m_IsActive
      value: 0
      objectReference: {fileID: 0}
    - target: {fileID: 2153792304045993047, guid: be5f6fde5364b0c459f2885759ddd34c,
        type: 3}
      propertyPath: m_Layer
      value: 16
      objectReference: {fileID: 0}
    - target: {fileID: 4813805032674809341, guid: be5f6fde5364b0c459f2885759ddd34c,
        type: 3}
      propertyPath: _speed
      value: 10
      objectReference: {fileID: 0}
    - target: {fileID: 8844552387811328426, guid: be5f6fde5364b0c459f2885759ddd34c,
        type: 3}
      propertyPath: m_LocalPosition.x
      value: 0
      objectReference: {fileID: 0}
    - target: {fileID: 8844552387811328426, guid: be5f6fde5364b0c459f2885759ddd34c,
        type: 3}
      propertyPath: m_LocalPosition.y
      value: 0
      objectReference: {fileID: 0}
    - target: {fileID: 8844552387811328426, guid: be5f6fde5364b0c459f2885759ddd34c,
        type: 3}
      propertyPath: m_LocalPosition.z
      value: 0
      objectReference: {fileID: 0}
    - target: {fileID: 8844552387811328426, guid: be5f6fde5364b0c459f2885759ddd34c,
        type: 3}
      propertyPath: m_LocalRotation.x
      value: 0
      objectReference: {fileID: 0}
    - target: {fileID: 8844552387811328426, guid: be5f6fde5364b0c459f2885759ddd34c,
        type: 3}
      propertyPath: m_LocalRotation.y
      value: 0
      objectReference: {fileID: 0}
    - target: {fileID: 8844552387811328426, guid: be5f6fde5364b0c459f2885759ddd34c,
        type: 3}
      propertyPath: m_LocalRotation.z
      value: 0
      objectReference: {fileID: 0}
    - target: {fileID: 8844552387811328426, guid: be5f6fde5364b0c459f2885759ddd34c,
        type: 3}
      propertyPath: m_LocalRotation.w
      value: 1
      objectReference: {fileID: 0}
    - target: {fileID: 8844552387811328426, guid: be5f6fde5364b0c459f2885759ddd34c,
        type: 3}
      propertyPath: m_RootOrder
      value: 4
      objectReference: {fileID: 0}
    - target: {fileID: 8844552387811328426, guid: be5f6fde5364b0c459f2885759ddd34c,
        type: 3}
      propertyPath: m_LocalEulerAnglesHint.x
      value: 0
      objectReference: {fileID: 0}
    - target: {fileID: 8844552387811328426, guid: be5f6fde5364b0c459f2885759ddd34c,
        type: 3}
      propertyPath: m_LocalEulerAnglesHint.y
      value: 0
      objectReference: {fileID: 0}
    - target: {fileID: 8844552387811328426, guid: be5f6fde5364b0c459f2885759ddd34c,
        type: 3}
      propertyPath: m_LocalEulerAnglesHint.z
      value: 0
      objectReference: {fileID: 0}
    m_RemovedComponents: []
  m_SourcePrefab: {fileID: 100100000, guid: be5f6fde5364b0c459f2885759ddd34c, type: 3}
--- !u!1 &8316987276569744314 stripped
GameObject:
  m_CorrespondingSourceObject: {fileID: 2153792304045993047, guid: be5f6fde5364b0c459f2885759ddd34c,
    type: 3}
  m_PrefabInstance: {fileID: 7964635099507703789}
  m_PrefabAsset: {fileID: 0}
--- !u!4 &1456414089576218183 stripped
Transform:
  m_CorrespondingSourceObject: {fileID: 8844552387811328426, guid: be5f6fde5364b0c459f2885759ddd34c,
    type: 3}
  m_PrefabInstance: {fileID: 7964635099507703789}
  m_PrefabAsset: {fileID: 0}
